@misc{historyOfWeb,
	author = {CERN},
	title = {A short history of web},
	URL = "https://www.home.cern/science/computing/birth-web/short-history-web#:~:text=Where%20the%20Web%20was%20born,and%20institutes%20around%20the%20world"
}

@misc{historyOfWeb2,
	author = {World Wide Web Foundation},
	title = {World Wide Web Foundation - Founded by Tim Berners-Lee, inventor of the Web, the World Wide Web Foundation empowers people to bring about positive change.},
	URL = "https://webfoundation.org/about/vision/history-of-the-web/"
}

@misc{propostaWWW1989,
  title = {Information Management: A Proposal},
  author = {Tim Berners-Lee},
  note  =  {\url{https://cds.cern.ch/record/369245/files/dd-89-001.pdf}},
}


@misc{formalizzazione1990,
  title = {WorldWideWeb: Proposal for a HyperText Project},
  author = {Tim Berners-Lee, Robert Caillaiu},
  note  =  {\url{https://cds.cern.ch/record/2639699/files/Proposal_Nov-1990.pdf}},
}

@misc{primoBrowser,
  title = {Tim Berners-Lee's original WorldWideWeb browser in 1993},
  author = {CERN},
  URL = "https://info.cern.ch/NextBrowser1.html"
}

@misc{browserLineaDiComando,
  title = {Line Mode Browser 2013},
  author = {CERN},
  URL = "https://line-mode.cern.ch/"
}

@misc{w3sStandard,
  title = {Web Standards},
  author = {W3C},
  URL = "https://www.w3.org/standards/"
}

@misc{interoperabilità,
  title = {Interoperabilità},
  author = {Wikipedia},
  URL = "https://it.wikipedia.org/wiki/Interoperabilit%C3%A0"
}

@misc{internazionalizzazione,
  title = {Internazionalizzazione},
  author = {Wikipedia},
  URL = "https://it.wikipedia.org/wiki/Internazionalizzazione"
}

@misc{clientServer1,
  title = {Sistema client/server},
  author = {Wikipedia},
  URL = "https://it.wikipedia.org/wiki/Sistema_client/server"
}

@misc{clientServer2,
  title = {Definizione di sistemi Client/Server},
  author = {Automation Tomorrow},
  URL = "https://www.automationtomorrow.com/definizione-di-sistemi-client-server/#:~:text=Si%20definiscono%20sistemi%20Client%2FServer,hardware%2Fsoftware%20con%20altri%20client"
}

@misc{clientServerVantaggi,
  title = {Principali vantaggi e svantaggi dell'architettura client-server},
  author = {Informatica e Ingegneria Online},
  URL = "https://vitolavecchia.altervista.org/principali-vantaggi-e-svantaggi-architettura-client-server/"
}

@misc{protocolloHTTP,
  title = {Che cos'è l'HTTP: scopriamo il protocollo http},
  author = {Aulab},
  URL = "https://aulab.it/guide/110/che-cose-http#"
}

@misc{webApp1,
  title = {Cos'è una web App e come funziona},
  author = {Aulab},
  URL = "https://aulab.it/notizia/190/cose-una-web-app"
}

@misc{patternMVC,
  title = {Spring MVC: introduzione},
  author = {HTML.it},
  URL = "https://www.html.it/pag/44655/spring-mvc-introduzione-2/"
}

@misc{spring,
  title = {Cos'è Java Spring Boot?},
  author = {IBM},
  URL = "https://www.ibm.com/it-it/topics/java-spring-boot"
}

@misc{docker,
  title = {Cos'è Docker?},
  author = {IBM},
  URL = "https://www.ibm.com/it-it/topics/docker"
}

@misc{container,
  title = {Cosa sono i container?},
  author = {IBM},
  URL = "https://www.ibm.com/it-it/topics/containers"
}

@misc{maven,
  title = {Cos'è Maven e a cosa serve},
  author = {GeekandJob},
  URL = "https://www.geekandjob.com/wiki/maven"
}

@misc{persistenza,
  title = {Persistenza (informatica)},
  author = {Wikipedia},
  URL = "https://it.wikipedia.org/wiki/Persistenza_(informatica)#:~:text=In%20informatica%2C%20il%20concetto%20di,persi%20allo%20spegnimento%20del%20computer."
}

@misc{jpa,
  title = {Cos'è JPA e a cosa serve},
  author = {GeekandJob},
  URL = "https://www.geekandjob.com/wiki/jpa"
}

@misc{hibernate,
  title = {Cos'è Hibernate e a cosa serve},
  author = {GeekandJob},
  URL = "https://www.geekandjob.com/wiki/hibernate"
}

@misc{orm,
  title = {Object-Relational Mapping: vantaggi e svantaggi},
  author = {Psicografici},
  URL = "https://psicografici.com/object-relational-mapping/"
}

@misc{jdbc,
  title = {Cos'è JDBC e a cosa serve},
  author = {GeekandJob},
  URL = "https://www.geekandjob.com/wiki/jdbc"
}

@misc{bcrypt,
  title = {What is Bcrypt and how it works?},
  author = {NordVPN},
  URL = "https://nordvpn.com/it/blog/what-is-bcrypt/"
}

@misc{funzioneCrittografica,
  title = {Funzione crittografica di hash},
  author = {Wikipedia},
  URL = "https://it.wikipedia.org/wiki/Funzione_crittografica_di_hash"
}

@misc{html,
  title = {Cos'è HTML e a cosa serve},
  author = {GeekandJob},
  URL = "https://www.geekandjob.com/wiki/html"
}

@misc{css,
  title = {Cos'è CSS e a cosa serve},
  author = {GeekandJob},
  URL = "https://www.geekandjob.com/wiki/css"
}

@misc{mobileFirst,
  title = {Approccio Mobile First per una progettazione sempre più "customer oriented"},
  author = {Whynet},
  URL = "https://www.whynet.info/mobile-first-progettazione-customer-oriented#:~:text=Il%20termine%20Mobile%20First%20%E2%80%94%20che,integrata%20per%20i%20display%20pi%C3%B9"
}

@misc{bootstrap,
  title = {Cos'è Bootstrap e come funziona?},
  author = {Creativemotions},
  URL = "https://www.creativemotions.it/cose-bootstrap/"
}

@misc{javascript,
  title = {Javascript: cos'è, come funziona e a cosa serve},
  author = {Boolean Careers},
  URL = "https://boolean.careers/blog/javascript-cose-come-funziona-e-a-cosa-serve"
}

@misc{thymeleaf,
  title = {thymeleaf},
  author = {riptutorial},
  URL = "https://riptutorial.com/Download/thymeleaf-it.pdf"
}

